@url{nasa,
	Author = {Nancy J. Leon},
	Lastchecked = {2013.04.29},
        Title = {ST8 {D}ependable {M}ultiprocessor},
	howpublished = {\url{http://nmp.nasa.gov/st8/tech/eaftc\_tech1.html}},
	Urldate = {29/04/2013}}

